% This file was created with JabRef 2.5.
% Encoding: UTF-8

@TECHREPORT{dAsp07,
  author = {Alexandre d'Aspremont},
  title = {{Subsampling Algorithm for Semidefinite Programming}},
  institution = {Department of Operations Research and Financial Engineering, Bendheim
	Center for Finance, Princeton University},
  year = {2007},
  type = {preprint},
  owner = {quickben},
  timestamp = {2009.01.09},
  url = {http://arxiv.org/abs/0803.1990}
}

@BOOK{vdVW,
  title = {{Weak Convergence and Empirical Processes: With Applications to Statistics}},
  publisher = {Springer},
  year = {1996},
  author = {Aad W. {van der Vaart} and Jon A. Wellner},
  owner = {gittens},
  timestamp = {2009.10.05}
}

@ARTICLE{AM07,
  author = {Dimitris Achlioptas and Frank McSherry},
  title = {{Fast Computation of Low Rank Matrix Approximations}},
  journal = {Journal of the ACM},
  year = {2007},
  volume = {54},
  number = {2},
  owner = {gittens},
  timestamp = {2008.09.24}
}

@INPROCEEDINGS{AM01,
  author = {Dimitris Achlioptas and Frank McSherry},
  title = {{Fast Computation of Low Rank Matrix Approximations}},
  booktitle = {Proceedings of the 33rd annual ACM symposium on Theory of Computing},
  year = {2001},
  pages = {611-618},
  owner = {gittens},
  timestamp = {2009.08.21}
}

@ARTICLE{AHK02,
  author = {Noga Alon and Michael Krivelevich and Van H. Hu},
  title = {On the concentration of eigenvalues of random symmetric matrices},
  journal = {Israel Journal of Mathematics},
  year = {2002},
  volume = {131},
  pages = {259--267},
  number = {1},
  owner = {quickben},
  timestamp = {2009.01.09}
}

@INPROCEEDINGS{AN04,
  author = {Noga Alon and Assaf Naor},
  title = {{Approximating the Cut-Norm via Grothendieck's inequality}},
  booktitle = {Proceedings of the 36th Annual ACM symposium on Theory of Computing},
  year = {2004},
  pages = {72--80},
  owner = {quickben},
  timestamp = {2009.01.09}
}

@INCOLLECTION{AHK06,
  author = {Sanjeev Arora and Elad Hazan and Satyen Kale},
  title = {{A Fast Random Sampling Algorithm for Sparsifying Matrices}},
  booktitle = {Approximation, Randomization, and Combinatorial Optimization. Algorithms
	and Techniques},
  publisher = {Springer Berlin},
  year = {2006},
  pages = {272--279},
  owner = {gittens},
  timestamp = {2008.09.24}
}

@INPROCEEDINGS{BSS08,
  author = {Joshua Batson and Daniel Spielman and Nikhil Srivastava},
  title = {{Twice-Ramanujan Sparsifiers}},
  booktitle = {Proceedings of the 41st Annual ACM Symposium on Theory of Computing},
  year = {2009},
  pages = {255--262},
  owner = {gittens},
  timestamp = {2009.11.18}
}

@ARTICLE{BLM03,
  author = {St{\'e}phane Boucheron and G{\'a}bor Lugosi and Pascal Massart},
  title = {{Concentration inequalities using the entropy method}},
  journal = {The Annals of Probability},
  year = {2003},
  volume = {31},
  pages = {1583--1614},
  owner = {gittens},
  timestamp = {2009.08.21}
}

@ARTICLE{CRRST97,
  author = {Ashok K. Chandra and Prabhakar Raghavan and Walter L. Ruzzo and Roman
	Smolensky and Prasoon Tiwari},
  title = {{The Electrical Resistance Of A Graph Captures Its Commute and Cover
	Times}},
  journal = {Computational Complexity},
  year = {1997},
  volume = {6},
  pages = {312--340},
  owner = {gittens},
  timestamp = {2009.04.02}
}

@CONFERENCE{DK03,
  author = {Petros Drineas and Ravi Kannan},
  title = {{Pass efficient algorithms for approximating large matrices}},
  booktitle = {Symposium on Discrete Algorithms},
  year = {2003},
  pages = {223--232},
  owner = {gittens},
  timestamp = {2009.04.02}
}

@INPROCEEDINGS{DK01,
  author = {Petros Drineas and Ravi Kannan},
  title = {{Fast Monte-Carlo Algorithms for Approximate Matrix Multiplication}},
  booktitle = {Proceedings of the 42nd Annual IEEE Symposium on the Foundations
	of Computer Science},
  year = {2001},
  pages = {452--459},
  owner = {gittens},
  timestamp = {2009.04.02}
}

@ARTICLE{DKM06a,
  author = {Petros Drineas and Ravi Kannan and Michael W. Mahoney},
  title = {{Fast Monte Carlo Algorithms for Matrices I: Approximating Matrix
	Multiplication}},
  journal = {SIAM Journal of Computing},
  year = {2006},
  volume = {36},
  pages = {132--157},
  number = {1},
  owner = {gittens},
  timestamp = {2009.04.02}
}

@ARTICLE{DKM06b,
  author = {Petros Drineas and Ravi Kannan and Michael W. Mahoney},
  title = {{Fast Monte Carlo Algorithms for Matrices II: Computing Low-Rank
	Approximations to a Matrix}},
  journal = {SIAM Journal of Computing},
  year = {2006},
  volume = {36},
  pages = {158--183},
  number = {1},
  owner = {gittens},
  timestamp = {2009.04.02}
}

@ARTICLE{DKM06c,
  author = {Petros Drineas and Ravi Kannan and Michael W. Mahoney},
  title = {{Fast Monte Carlo Algorithms for Matrices III: Computing an Efficient
	Approximate Decomposition of a Matrix}},
  journal = {SIAM Journal of Computing},
  year = {2006},
  volume = {36},
  pages = {184-206},
  number = {1},
  owner = {gittens},
  timestamp = {2009.04.02}
}

@ARTICLE{FKV04,
  author = {Alan Frieze and Ravi Kannan and Santosh Vempala},
  title = {{Fast monte-carlo algorithms for finding low-rank approximations}},
  journal = {Journal of the ACM},
  year = {2004},
  volume = {51},
  pages = {1025-1041},
  owner = {gittens},
  timestamp = {2009.08.21}
}

@INPROCEEDINGS{FKV98,
  author = {Alan Frieze and Ravi Kannan and Santosh Vempala},
  title = {{Fast Monte-Carlo Algorithms for finding low-rank approximations}},
  booktitle = {Proceedings of the 39th Annual Symposium on Foundations of Computer
	Science},
  year = {1998},
  pages = {378--390},
  owner = {gittens},
  timestamp = {2009.04.02}
}

@INPROCEEDINGS{Kar96,
  author = {David R. Karger},
  title = {{Approximating $s$--$t$ minimum cuts in {$\tilde{\text{O}}(n^2)$}
	time}},
  booktitle = {Proceedings of the 28th Annual ACM Symposium on Theory of Computing},
  year = {1996},
  pages = {47--55},
  month = {May},
  owner = {gittens},
  timestamp = {2009.04.02}
}

@PHDTHESIS{Kar95th,
  author = {David R. Karger},
  title = {{Random Sampling in Graph Optimization Problems}},
  school = {Stanford University},
  year = {1995},
  owner = {gittens},
  timestamp = {2009.04.02}
}

@INPROCEEDINGS{Kar94a,
  author = {David R. Karger},
  title = {{Random sampling in cut, flow, and network design problems}},
  booktitle = {Proceedings of the 26th Annual ACM Symposium on Theory of Computing},
  year = {1994},
  pages = {648--657},
  month = {May},
  owner = {gittens},
  timestamp = {2009.04.02}
}

@INPROCEEDINGS{Kar94b,
  author = {David R. Karger},
  title = {{Using randomized sparsification to approximate minimum cuts}},
  booktitle = {Proceedings of the 5th Annual ACM-SIAM Symposium on Discrete Algorithms},
  year = {1994},
  pages = {424--432},
  month = {January},
  owner = {gittens},
  timestamp = {2009.04.02}
}

@ARTICLE{Lat04,
  author = {Rafal Lata{\l{}}a},
  title = {{Some estimates of norms of random matrices}},
  journal = {Proceedings of the American Mathematical Society},
  year = {2005},
  volume = {133},
  pages = {1273--1282},
  owner = {gittens},
  timestamp = {2008.09.24}
}

@BOOK{LT91,
  title = {{Probability in Banach Spaces}},
  publisher = {Springer-Verlag},
  year = {1991},
  author = {Michel Ledoux and Michel Talagrand},
  owner = {gittens},
  timestamp = {2008.06.23}
}

@ELECTRONIC{lugosi06,
  author = {Gabor Lugosi},
  month = {February},
  year = {2006},
  title = {{Concentration-of-measure inequalities}},
  note = {Lecture Notes},
  url = {http://www.econ.upf.edu/~lugosi/anu.ps},
  owner = {gittens},
  timestamp = {2008.11.16}
}

@ARTICLE{Meckes04,
  author = {Mark W. Meckes},
  title = {{Concentration of norms and eigenvalues of random matrices}},
  journal = {Journal of Functional Analysis},
  year = {2004},
  volume = {211},
  pages = {508--524},
  owner = {gittens},
  timestamp = {2008.11.16}
}

@BOOK{MS86,
  title = {{Asymptotic Theory of Finite Dimensional Normed Spaces}},
  publisher = {Springer-Verlag},
  year = {1986},
  author = {Vitali D. Milman and Gideon Schechtman},
  owner = {gittens},
  timestamp = {2008.11.16}
}

@ARTICLE{Rohn00,
  author = {J. Rohn},
  title = {{Computing the Norm {$\|A\|_{\infty \rightarrow 1}$} is NP-Hard}},
  journal = {Linear and Multilinear Algebra},
  year = {2000},
  volume = {47},
  pages = {195-204},
  owner = {gittens},
  timestamp = {2009.04.10}
}

@ARTICLE{RV08,
  author = {Mark Rudelson and Roman Vershynin},
  title = {{On sparse reconstruction from Fourier and Gaussian measurements}},
  journal = {Communications on Pure and Applied Mathematics},
  year = {2008},
  volume = {61},
  pages = {1025--1045},
  number = {8},
  owner = {quickben},
  timestamp = {2009.01.09}
}

@ARTICLE{RV07,
  author = {Mark Rudelson and Roman Vershynin},
  title = {{Sampling from large matrices: An approach through geometric functional
	analysis}},
  journal = {Journal of the ACM},
  year = {2007},
  volume = {54},
  number = {4},
  owner = {gittens},
  timestamp = {2008.09.03}
}

@ARTICLE{Seg00,
  author = {Yoav Seginer},
  title = {{The Expected Norm of Random Matrices}},
  journal = {Combinatorics, Probability and Computing},
  year = {2000},
  volume = {9},
  pages = {149--166},
  number = {2},
  owner = {gittens},
  timestamp = {2008.09.24}
}

@INPROCEEDINGS{SS08,
  author = {Daniel A. Spielman and Nikhil Srivastava},
  title = {{Graph sparsification by effective resistances}},
  booktitle = {Proceedings of the 40th annual ACM symposium on Theory of computing},
  year = {2008},
  pages = {563--568},
  owner = {quickben},
  timestamp = {2009.01.09}
}

@ARTICLE{Szarek78,
  author = {S. J. Szarek},
  title = {{On the best constants in the Khintchin-inequality}},
  journal = {Studia Math},
  year = {1976},
  volume = {58},
  pages = {197--208},
  owner = {quickben},
  timestamp = {2009.01.10}
}

@INPROCEEDINGS{Tropp09,
  author = {Joel Tropp},
  title = {{Column subset selection, matrix factorization, and eigenvalue optimization}},
  booktitle = {Proceedings of the 19th Annual ACM-SIAM Symposium on Discrete Algorithms},
  year = {2009},
  pages = {978-986},
  owner = {gittens},
  timestamp = {2008.11.16}
}

@ARTICLE{T1,
  author = {Tropp, Joel},
  title = {{On the Linear Independence of Spikes and Sines}},
  journal = {Journal of Fourier Analysis and Applications},
  year = {2008},
  volume = {14},
  pages = {838--858},
  owner = {gittens},
  timestamp = {2008.06.23}
}

@comment{jabref-meta: selector_publisher:}

@comment{jabref-meta: selector_author:}

@comment{jabref-meta: selector_journal:}

@comment{jabref-meta: selector_keywords:}

